<record><leader>00000cas a22000007a 4500</leader><controlfield tag="001">12369014</controlfield><controlfield tag="008">850809d18911892fluwr ne      0    0eng d</controlfield><datafield ind1=" " ind2=" " tag="010"><subfield code="a">sn 85038373 </subfield></datafield><datafield ind1=" " ind2=" " tag="040"><subfield code="a">NPY</subfield><subfield code="b">eng</subfield><subfield code="c">NPY</subfield><subfield code="d">FUG</subfield><subfield code="d">OCLCQ</subfield></datafield><datafield ind1=" " ind2=" " tag="042"><subfield code="a">msc</subfield></datafield><datafield ind1="0" ind2="0" tag="245"><subfield code="a">Leroy and Dunnellon news.</subfield></datafield><datafield ind1="1" ind2="3" tag="246"><subfield code="a">Dunnellon news</subfield></datafield><datafield ind1=" " ind2=" " tag="260"><subfield code="a">Dunnellon, Fla. :</subfield><subfield code="b">E.S. Matthews,</subfield><subfield code="c">1891-</subfield></datafield><datafield ind1=" " ind2=" " tag="300"><subfield code="a">v. ;</subfield><subfield code="c">62 cm.</subfield></datafield><datafield ind1=" " ind2=" " tag="310"><subfield code="a">Weekly</subfield></datafield><datafield ind1="0" ind2=" " tag="362"><subfield code="a">Vol. 2, no. 14 (Dec. 4, 1891)-</subfield></datafield><datafield ind1="1" ind2=" " tag="362"><subfield code="a">Ceased in 1892?</subfield></datafield><datafield ind1=" " ind2=" " tag="752"><subfield code="a">United States</subfield><subfield code="b">Florida</subfield><subfield code="c">Marion</subfield><subfield code="d">Dunnellon.</subfield></datafield><datafield ind1="0" ind2="0" tag="780"><subfield code="t">Florida news (Leroy, Fla)</subfield><subfield code="w">(DLC)sn 95047193</subfield><subfield code="w">(OCoLC)33286439</subfield></datafield><datafield ind1="0" ind2="0" tag="785"><subfield code="t">Leroy news</subfield><subfield code="w">(DLC)sn 85038374</subfield><subfield code="w">(OCoLC)12369029</subfield></datafield></record>